[gd_scene load_steps=10 format=2]

[ext_resource path="res://scenes/HowToPlayScene.gd" type="Script" id=1]
[ext_resource path="res://images/background4.jpg" type="Texture" id=2]
[ext_resource path="res://images/arrows.png" type="Texture" id=3]
[ext_resource path="res://fonts/Zorque_40.tres" type="DynamicFont" id=4]
[ext_resource path="res://scenes/BackToMenu.gd" type="Script" id=5]
[ext_resource path="res://images/wasd.png" type="Texture" id=6]
[ext_resource path="res://images/mouse.png" type="Texture" id=7]
[ext_resource path="res://fonts/Zorque_80.tres" type="DynamicFont" id=8]
[ext_resource path="res://sounds/raptor1.wav" type="AudioStream" id=9]

[node name="HowToPlay" type="Node2D"]
script = ExtResource( 1 )

[node name="Background" type="TextureRect" parent="."]
margin_right = 1277.0
margin_bottom = 721.0
texture = ExtResource( 2 )
expand = true

[node name="Arrows" type="TextureRect" parent="."]
margin_left = 385.065
margin_top = 188.021
margin_right = 585.065
margin_bottom = 388.021
texture = ExtResource( 3 )
expand = true

[node name="BackToMenu" type="Button" parent="."]
margin_left = 514.078
margin_top = 610.021
margin_right = 822.078
margin_bottom = 665.021
custom_fonts/font = ExtResource( 4 )
text = "Back To Menu"
script = ExtResource( 5 )
sceneToLoad = "TitleScreen"

[node name="WASD" type="TextureRect" parent="."]
margin_left = 78.3674
margin_top = 179.432
margin_right = 278.367
margin_bottom = 379.432
texture = ExtResource( 6 )
expand = true

[node name="Label" type="Label" parent="."]
margin_left = 307.874
margin_top = 262.051
margin_right = 870.874
margin_bottom = 311.051
custom_fonts/font = ExtResource( 4 )
custom_colors/font_color = Color( 0, 0, 0, 1 )
text = "OR                               movement"

[node name="Mouse" type="TextureRect" parent="."]
margin_left = 153.473
margin_top = 364.932
margin_right = 487.473
margin_bottom = 519.932
texture = ExtResource( 7 )

[node name="Title" type="Label" parent="."]
margin_left = 395.225
margin_top = 15.7517
margin_right = 921.225
margin_bottom = 212.752
custom_fonts/font = ExtResource( 8 )
custom_colors/font_color = Color( 0, 0, 0, 1 )
text = "How to play
"

[node name="MouseText" type="Label" parent="."]
margin_left = 634.364
margin_top = 412.408
margin_right = 949.364
margin_bottom = 461.408
custom_fonts/font = ExtResource( 4 )
custom_colors/font_color = Color( 0, 0, 0, 1 )
text = "Shoot and kill"

[node name="BGM" type="AudioStreamPlayer" parent="."]
stream = ExtResource( 9 )
[connection signal="pressed" from="BackToMenu" to="BackToMenu" method="_on_BackToMenu_pressed"]
