[gd_scene load_steps=7 format=2]

[ext_resource path="res://scenes/Characters.tscn" type="PackedScene" id=1]
[ext_resource path="res://scripts/Player.gd" type="Script" id=2]
[ext_resource path="res://scenes/Bullet.tscn" type="PackedScene" id=3]
[ext_resource path="res://images/topdown-shooter/Spritesheet/spritesheet_characters.png" type="Texture" id=4]
[ext_resource path="res://sounds/gunshot.wav" type="AudioStream" id=5]

[sub_resource type="RectangleShape2D" id=1]
extents = Vector2( 21.6534, 21.9769 )

[node name="Player" instance=ExtResource( 1 )]
position = Vector2( 174.579, 92.9776 )
rotation = -0.445739

[node name="Player" parent="." index="0"]
position = Vector2( -1.08821, -1.09586 )
rotation = 1.99746
collision_layer = 2
collision_mask = 5
script = ExtResource( 2 )
Bullet = ExtResource( 3 )
speed = 10
hpRegen = 1.0
hp = 100
weaponCooldown = 0.5
reloadSpeed = 4.0
rotationSpeed = 1.0

[node name="Camera2D" type="Camera2D" parent="Player" index="0"]
position = Vector2( 0.547279, -1.44417 )
rotation = -1.99746
current = true
limit_left = 0
limit_top = 0

[node name="CollisionShape2D" parent="Player" index="3"]
position = Vector2( -2.00792, -2.72628 )
shape = SubResource( 1 )

[node name="Body" parent="Player" index="4"]
position = Vector2( -4.05228, 1.30285 )
texture = ExtResource( 4 )
region_enabled = true
region_rect = Rect2( 266, 132, 45, 44 )

[node name="Muzzle" type="Position2D" parent="Player/Body" index="0"]
position = Vector2( 32.0178, 9.13364 )
rotation = -2.33267

[node name="Gunshot" type="AudioStreamPlayer" parent="Player" index="5"]
stream = ExtResource( 5 )
